<?xml version="1.0" encoding="UTF-8"?><collection xmlns="http://www.loc.gov/MARC21/slim"><record><leader>00564nam--2200193-i-4500</leader><controlfield tag="001">000024779</controlfield><controlfield tag="002">20161230</controlfield><controlfield tag="005">20161230201035</controlfield><controlfield tag="008">060222s1000------------r-----000-0-rum-d</controlfield><datafield ind1=" " ind2=" " tag="040"><subfield code="a">IFIN-HH</subfield></datafield><datafield ind1=" " ind2=" " tag="041"><subfield code="a">rum</subfield></datafield><datafield ind1=" " ind2=" " tag="080"><subfield code="a">539.141(043)</subfield></datafield><datafield ind1="1" ind2=" " tag="100"><subfield code="a">Horoi, Mihai</subfield></datafield><datafield ind1="1" ind2="0" tag="245"><subfield code="a">Studiul interactiilor efective de imperechere intre patru nucleoni in nuclee medii si grele</subfield><subfield code="b">Teza</subfield><subfield code="c">Mihai horoi</subfield></datafield><datafield ind1=" " ind2=" " tag="260"><subfield code="a">Bucuresti</subfield><subfield code="b">Ifa</subfield><subfield code="c">1990</subfield></datafield><datafield ind1=" " ind2=" " tag="300"><subfield code="a">90P</subfield></datafield><datafield ind1=" " ind2=" " tag="502"><subfield code="a">Conducator Stiintific: Dr. Ovidiu Dumitrescu</subfield></datafield><datafield ind1=" " ind2=" " tag="852"><subfield code="a">79205</subfield><subfield code="c">539.14</subfield></datafield><datafield ind1=" " ind2=" " tag="CAT"><subfield code="a">Sys</subfield><subfield code="c">20120406</subfield><subfield code="h">113441</subfield></datafield></record></collection>